@phdthesis{Nyman1950,
  author    = {B. Nyman},
  title     = {On the One-Dimensional Translation Group and Semi-Group in Certain Function Spaces},
  school    = {Uppsala University},
  year      = {1950}
}

@article{BaezDuarte2003,
  author  = {Luis B{\'a}ez-Duarte},
  title   = {A strengthening of the Nyman--Beurling criterion for the Riemann hypothesis},
  journal = {Rendiconti del Seminario Matematico della Universit{\`a} di Padova},
  volume  = {110},
  pages   = {157--167},
  year    = {2003}
}

@incollection{Montgomery1973,
  author    = {H. L. Montgomery},
  title     = {The pair correlation of zeros of the zeta function},
  booktitle = {Proc. Sympos. Pure Math.},
  volume    = {24},
  pages     = {181--193},
  year      = {1973},
  publisher = {Amer. Math. Soc.}
}

@book{Titchmarsh1986,
  author    = {E. C. Titchmarsh},
  title     = {The Theory of the Riemann Zeta-Function},
  edition   = {2},
  year      = {1986},
  publisher = {Oxford University Press},
  note      = {Revised by D. R. Heath-Brown}
}
